@article{Oladipo:article,
title = "How LinkedIn’s Algorithm Works, According to the LinkedIn Team",
author = "Tamilore Oladipo",
journal = "LinkedIn’s Algorithm",
year = "February 2024",
howpublished = "\url{https://buffer.com/resources/linkedin-algorithm/}",}

@article{Terez:article,
  title = "LinkedIn Algorithm: How Does it Work?",
  author = "Alexander Terez",
  journal = "LinkedIn’s Algorithm",
  year = "June 2024",
  howpublished = "\url{https://octopuscrm.io/blog/linkedin-algorithm/#:~:text=It%20Prioritizes%20Relevant%20Content&text=Interest%20in%20the%20Content%27s%20Topic,hashtags%2C%20and%20people%20they%20follow}"
}

@article{Mangla:article,
  title = "LinkedIn Jobs Recommendation Systems",
  author = "Puneet Mangla",
  journal = "LinkedIn’s recommendation systems",
  year = "August 2023",
  howpublished = "\url{https://pyimagesearch.com/2023/08/07/linkedin-jobs-recommendation-systems/}"
}

@article{Kohút:article,
  title = "Odporúčacie algoritmy v sociálnych aplikáciách",
  author = "Peter Kohút",
  journal = "Odporúčacie algoritmy",
  year = "October 2024",
  howpublished = "\url{https://prezi.com/p/fd1g7wuwdbew/odporucacie-algoritmy-v-socialnych-aplikaciach/}"
}

@article{Barnhart:article,
  title = "How the LinkedIn algorithm works in 2024",
  author = "Brent Barnhart",
  journal = "LinkedIn`s' algorithm",
  year = "January 2024",
  howpublished = "\url{https://sproutsocial.com/insights/linkedin-algorithm/#:~:text=The%20LinkedIn%20algorithm%20is%20a,the%20top%20of%20their%20feed.}"
}

@article{Bano:article,
  title = "LinkedIn analytics: The complete guide for tracking metrics in 2024",
  author = "Rana Bano",
  journal = "LinkedIn analytics",
  year = "March 2024",
  howpublished = {\url{https://sproutsocial.com/insights/linkedin-analytics/}}
}

@article{Gabric:article,
  title = "LinkedIn Algorithm – Everything You Need To Know",
  author = "Antonio Gabric",
  journal = "LinkedIn algorithm",
  year = "June 2023",
  howpublished = {\url{https://viralspy.io/blog/linkedin-algorithm/}}
}

@article{Rodriguez:article,
  title = "How LinkedIn Uses Machine Learning in its Recruiter Recommendation Systems",
  author = "Jesus Rodriguez",
  journal = "LinkedIn, Machine Learning, Recommendation Engine, Recommender Systems, Recruitment",
  year = "October 2020",
  howpublished = "\url{https://www.kdnuggets.com/2020/10/linkedin-machine-learning-recruiter-recommendation-systems.html}"
}